@article{so:hwp_yamada,
  title   = {The Simons Observatory: Cryogenic half wave plate rotation mechanism for the small aperture telescopes},
  author  = {K. Yamada and B. Bixler and Y. Sakurai and P. C. Ashton and J. Sugiyama and K. Arnold and J. Begin and L. Corbett and S. Day-Weiss and N. Galitzki and C. A. Hill and B. R. Johnson and B. Jost and A. Kusaka and B. J. Koopman and J. Lashner and A. T. Lee and A. Mangu and H. Nishino and L. A. Page and M. J. Randall and D. Sasaki and X. Song and J. Spisak and T. Tsan and Y. Wang and P. A. Williams},
  journal = {Review of Scientific Instruments},
  month   = {2},
  number  = {2},
  doi     = {10.1063/5.0178066},
  url     = {https://www.scopus.com/inward/record.uri?partnerID=HzOxMe3b&scp=85185746530&origin=inward},
  volume  = {95},
  year    = {2024}
}

@inproceedings{so:current_status, series={TAUP2023},
  title={The Simons Observatory: Design, Integration, and Current Status of Small Aperture Telescopes},
  url={http://dx.doi.org/10.22323/1.441.0003},
  DOI={10.22323/1.441.0003},
  booktitle={Proceedings of XVIII International Conference on Topics in Astroparticle and Underground Physics — PoS(TAUP2023)},
  publisher={Sissa Medialab},
  author={Mangu, Aashrita and Corbett, Lance and Bhimani, Sanah and Carl, Fred and Day-Weiss, Samuel and DiGia, Brooke and Errard, Josquin and Galitzki, Nicholas and Hazumi, Masashi and Henderson, Shawn W. and Miller, Amber and Moore, Jenna and Song, Xue and Tsan, Tran and Wang, Yuhan and Zonca, Andrea},
  year={2024},
  month=jan, pages={003},
  collection={TAUP2023} 
}

@article{so:science_forecast,
  title={The Simons Observatory: science goals and forecasts},
  volume={2019},
  ISSN={1475-7516},
  url={http://dx.doi.org/10.1088/1475-7516/2019/02/056},
  DOI={10.1088/1475-7516/2019/02/056},
  number={02},
  journal={Journal of Cosmology and Astroparticle Physics},
  publisher={IOP Publishing},
  author={Ade, Peter and Aguirre, James and Ahmed, Zeeshan and Aiola, Simone and Ali, Aamir and Alonso, David and Alvarez, Marcelo A. and Arnold, Kam and Ashton, Peter and Austermann, Jason and Awan, Humna and Baccigalupi, Carlo and Baildon, Taylor and Barron, Darcy and Battaglia, Nick and Battye, Richard and Baxter, Eric and Bazarko, Andrew and Beall, James A. and Bean, Rachel and Beck, Dominic and Beckman, Shawn and Beringue, Benjamin and Bianchini, Federico and Boada, Steven and Boettger, David and Bond, J. Richard and Borrill, Julian and Brown, Michael L. and Bruno, Sarah Marie and Bryan, Sean and Calabrese, Erminia and Calafut, Victoria and Calisse, Paolo and Carron, Julien and Challinor, Anthony and Chesmore, Grace and Chinone, Yuji and Chluba, Jens and Cho, Hsiao-Mei Sherry and Choi, Steve and Coppi, Gabriele and Cothard, Nicholas F. and Coughlin, Kevin and Crichton, Devin and Crowley, Kevin D. and Crowley, Kevin T. and Cukierman, Ari and D’Ewart, John M. and Dünner, Rolando and de Haan, Tijmen and Devlin, Mark and Dicker, Simon and Didier, Joy and Dobbs, Matt and Dober, Bradley and Duell, Cody J. and Duff, Shannon and Duivenvoorden, Adri and Dunkley, Jo and Dusatko, John and Errard, Josquin and Fabbian, Giulio and Feeney, Stephen and Ferraro, Simone and Fluxà, Pedro and Freese, Katherine and Frisch, Josef C. and Frolov, Andrei and Fuller, George and Fuzia, Brittany and Galitzki, Nicholas and Gallardo, Patricio A. and Ghersi, Jose Tomas Galvez and Gao, Jiansong and Gawiser, Eric and Gerbino, Martina and Gluscevic, Vera and Goeckner-Wald, Neil and Golec, Joseph and Gordon, Sam and Gralla, Megan and Green, Daniel and Grigorian, Arpi and Groh, John and Groppi, Chris and Guan, Yilun and Gudmundsson, Jon E. and Han, Dongwon and Hargrave, Peter and Hasegawa, Masaya and Hasselfield, Matthew and Hattori, Makoto and Haynes, Victor and Hazumi, Masashi and He, Yizhou and Healy, Erin and Henderson, Shawn W. and Hervias-Caimapo, Carlos and Hill, Charles A. and Hill, J. Colin and Hilton, Gene and Hilton, Matt and Hincks, Adam D. and Hinshaw, Gary and Hložek, Renée and Ho, Shirley and Ho, Shuay-Pwu Patty and Howe, Logan and Huang, Zhiqi and Hubmayr, Johannes and Huffenberger, Kevin and Hughes, John P. and Ijjas, Anna and Ikape, Margaret and Irwin, Kent and Jaffe, Andrew H. and Jain, Bhuvnesh and Jeong, Oliver and Kaneko, Daisuke and Karpel, Ethan D. and Katayama, Nobuhiko and Keating, Brian and Kernasovskiy, Sarah S. and Keskitalo, Reijo and Kisner, Theodore and Kiuchi, Kenji and Klein, Jeff and Knowles, Kenda and Koopman, Brian and Kosowsky, Arthur and Krachmalnicoff, Nicoletta and Kuenstner, Stephen E. and Kuo, Chao-Lin and Kusaka, Akito and Lashner, Jacob and Lee, Adrian and Lee, Eunseong and Leon, David and Leung, Jason S.-Y. and Lewis, Antony and Li, Yaqiong and Li, Zack and Limon, Michele and Linder, Eric and Lopez-Caraballo, Carlos and Louis, Thibaut and Lowry, Lindsay and Lungu, Marius and Madhavacheril, Mathew and Mak, Daisy and Maldonado, Felipe and Mani, Hamdi and Mates, Ben and Matsuda, Frederick and Maurin, Loïc and Mauskopf, Phil and May, Andrew and McCallum, Nialh and McKenney, Chris and McMahon, Jeff and Meerburg, P. Daniel and Meyers, Joel and Miller, Amber and Mirmelstein, Mark and Moodley, Kavilan and Munchmeyer, Moritz and Munson, Charles and Naess, Sigurd and Nati, Federico and Navaroli, Martin and Newburgh, Laura and Nguyen, Ho Nam and Niemack, Michael and Nishino, Haruki and Orlowski-Scherer, John and Page, Lyman and Partridge, Bruce and Peloton, Julien and Perrotta, Francesca and Piccirillo, Lucio and Pisano, Giampaolo and Poletti, Davide and Puddu, Roberto and Puglisi, Giuseppe and Raum, Chris and Reichardt, Christian L. and Remazeilles, Mathieu and Rephaeli, Yoel and Riechers, Dominik and Rojas, Felipe and Roy, Anirban and Sadeh, Sharon and Sakurai, Yuki and Salatino, Maria and Rao, Mayuri Sathyanarayana and Schaan, Emmanuel and Schmittfull, Marcel and Sehgal, Neelima and Seibert, Joseph and Seljak, Uros and Sherwin, Blake and Shimon, Meir and Sierra, Carlos and Sievers, Jonathan and Sikhosana, Precious and Silva-Feaver, Maximiliano and Simon, Sara M. and Sinclair, Adrian and Siritanasak, Praween and Smith, Kendrick and Smith, Stephen R. and Spergel, David and Staggs, Suzanne T. and Stein, George and Stevens, Jason R. and Stompor, Radek and Suzuki, Aritoki and Tajima, Osamu and Takakura, Satoru and Teply, Grant and Thomas, Daniel B. and Thorne, Ben and Thornton, Robert and Trac, Hy and Tsai, Calvin and Tucker, Carole and Ullom, Joel and Vagnozzi, Sunny and Engelen, Alexander van and Lanen, Jeff Van and Winkle, Daniel D. Van and Vavagiakis, Eve M. and Vergès, Clara and Vissers, Michael and Wagoner, Kasey and Walker, Samantha and Ward, Jon and Westbrook, Ben and Whitehorn, Nathan and Williams, Jason and Williams, Joel and Wollack, Edward J. and Xu, Zhilei and Yu, Byeonghee and Yu, Cyndia and Zago, Fernando and Zhang, Hezi and Zhu, Ningfeng},
  year={2019},
  month=feb, pages={056–056} 
}
