% cmb

% simons_observatory
@article{so:hwp_yamada,
  title   = {The Simons Observatory: Cryogenic half wave plate rotation mechanism for the small aperture telescopes},
  author  = {K. Yamada and B. Bixler and Y. Sakurai and P. C. Ashton and J. Sugiyama and K. Arnold and J. Begin and L. Corbett and S. Day-Weiss and N. Galitzki and C. A. Hill and B. R. Johnson and B. Jost and A. Kusaka and B. J. Koopman and J. Lashner and A. T. Lee and A. Mangu and H. Nishino and L. A. Page and M. J. Randall and D. Sasaki and X. Song and J. Spisak and T. Tsan and Y. Wang and P. A. Williams},
  journal = {Review of Scientific Instruments},
  month   = {2},
  number  = {2},
  doi     = {10.1063/5.0178066},
  url     = {https://www.scopus.com/inward/record.uri?partnerID=HzOxMe3b&scp=85185746530&origin=inward},
  volume  = {95},
  year    = {2024}
}

@inproceedings{so:current_status, series={TAUP2023},
  title={The Simons Observatory: Design, Integration, and Current Status of Small Aperture Telescopes},
  url={http://dx.doi.org/10.22323/1.441.0003},
  DOI={10.22323/1.441.0003},
  booktitle={Proceedings of XVIII International Conference on Topics in Astroparticle and Underground Physics — PoS(TAUP2023)},
  publisher={Sissa Medialab},
  author={Mangu, Aashrita and Corbett, Lance and Bhimani, Sanah and Carl, Fred and Day-Weiss, Samuel and DiGia, Brooke and Errard, Josquin and Galitzki, Nicholas and Hazumi, Masashi and Henderson, Shawn W. and Miller, Amber and Moore, Jenna and Song, Xue and Tsan, Tran and Wang, Yuhan and Zonca, Andrea},
  year={2024},
  month=1, pages={003},
  collection={TAUP2023} 
}

@article{so:bicep2_syserr,
  doi = {10.1088/0004-637X/814/2/110},
  url = {https://dx.doi.org/10.1088/0004-637X/814/2/110},
  year = {2015},
  month = {1},
  publisher = {The American Astronomical Society},
  volume = {814},
  number = {2},
  pages = {110},
  author = {P. A. R. Ade and R. W. Aikin and D. Barkats and S. J. Benton and C. A. Bischoff and J. J. Bock and J. A. Brevik and I. Buder and E. Bullock and C. D. Dowell and L. Duband and J. P. Filippini and S. Fliescher and S. R. Golwala and M. Halpern and M. Hasselfield and S. R. Hildebrandt and G. C. Hilton and K. D. Irwin and K. S. Karkare and J. P. Kaufman and B. G. Keating and S. A. Kernasovskiy and J. M. Kovac and C. L. Kuo and E. M. Leitch and M. Lueker and C. B. Netterfield and H. T. Nguyen and R. O’Brient and R. W. Ogburn IV and A. Orlando and C. Pryke and S. Richter and R. Schwarz and C. D. Sheehy and Z. K. Staniszewski and R. V. Sudiwala and G. P. Teply and J. E. Tolan and A. D. Turner and A. G. Vieregg and C. L. Wong and K. W. Yoon and (Bicep2 Collaboration)},
  title = {Bicep2. III. INSTRUMENTAL SYSTEMATICS},
  journal = {The Astrophysical Journal}
}

% 3. sparse wire grid